@book{jiaocai,
author = {黄润生},
title = {近代物理实验},
publisher = {南京大学出版社},
year = {2008},
edition = {2}
}

@book{Deutsch1992Rapid,
	title={Rapid solution of problems by quantum computation},
	author={Deutsch, David and Jozsa, Richard},
	year={1992},
}

@article{Divincenzo2000The,
	title={The Physical Implementation of Quantum Computation},
	author={Divincenzo, David P},
	journal={Fortschritte Der Physik},
	volume={48},
	number={9-11},
	pages={771-783},
	year={2000},
}