@book{jiaocai,
author = {黄润生},
title = {近代物理实验},
publisher = {南京大学出版社},
year = {2008},
edition = {2}
}

@article{jonker1950ferromagnetic,
	title={Ferromagnetic compounds of manganese with perovskite structure},
	author={Jonker, GH and Van Santen, JH},
	journal={physica},
	volume={16},
	number={3},
	pages={337--349},
	year={1950},
	publisher={Elsevier}
}

@article{van1950electrical,
	title={Electrical conductivity of ferromagnetic compounds of manganese with perovskite structure},
	author={Van Santen, JH and Jonker, GH},
	journal={Physica},
	volume={16},
	pages={599--600},
	year={1950}
}

@article{zener1951interaction,
	title={Interaction between the d-shells in the transition metals. II. Ferromagnetic compounds of manganese with perovskite structure},
	author={Zener, Clarence},
	journal={Physical Review},
	volume={82},
	number={3},
	pages={403},
	year={1951},
	publisher={APS}
}

@article{anderson1955considerations,
	title={Considerations on double exchange},
	author={Anderson, Patric W and Hasegawa, H},
	journal={Physical Review},
	volume={100},
	number={2},
	pages={675},
	year={1955},
	publisher={APS}
}

@article{jin1994thousandfold,
	title={Thousandfold change in resistivity in magnetoresistive La-Ca-Mn-O films},
	author={Jin, S and Tiefel, Th H and McCormack, M and Fastnacht, RA and Ramesh, R\_ and Chen, LH},
	journal={Science},
	volume={264},
	number={5157},
	pages={413--415},
	year={1994},
	publisher={American Association for the Advancement of Science}
}

@article{jin1994colossal,
	title={Colossal magnetoresistance in La-Ca-Mn-O ferromagnetic thin films},
	author={Jin, S and McCormack, M and Tiefel, TH and Ramesh, R},
	journal={Journal of Applied Physics},
	volume={76},
	number={10},
	pages={6929--6933},
	year={1994},
	publisher={AIP}
}

@article{mccormack1994very,
	title={Very large magnetoresistance in perovskite-like La-Ca-Mn-O thin films},
	author={McCormack, M and Jin, S and Tiefel, TH and Fleming, RM and Phillips, Julia M and Ramesh, R},
	journal={Applied physics letters},
	volume={64},
	number={22},
	pages={3045--3047},
	year={1994},
	publisher={AIP}
}